<record><leader>00000cas a22000007a 4500</leader><controlfield tag="001">11129592</controlfield><controlfield tag="008">840907d19101912ohudr ne      0    0eng d</controlfield><controlfield tag="009">3783</controlfield><datafield ind1=" " ind2=" " tag="010"><subfield code="a">sn 84028494 </subfield></datafield><datafield ind1=" " ind2=" " tag="040"><subfield code="a">NPY</subfield><subfield code="b">eng</subfield><subfield code="c">NPY</subfield><subfield code="d">ONP</subfield><subfield code="d">NVF</subfield><subfield code="d">DLC</subfield></datafield><datafield ind1=" " ind2=" " tag="042"><subfield code="a">msc</subfield></datafield><datafield ind1="0" ind2=" " tag="130"><subfield code="a">News-Democrat (Canton, Ohio : Morning ed.)</subfield></datafield><datafield ind1="0" ind2="4" tag="245"><subfield code="a">The news-Democrat.</subfield></datafield><datafield ind1="1" ind2="0" tag="246"><subfield code="a">News Democrat</subfield></datafield><datafield ind1=" " ind2=" " tag="250"><subfield code="a">[Morning ed.]</subfield></datafield><datafield ind1=" " ind2=" " tag="260"><subfield code="a">Canton, Ohio :</subfield><subfield code="b">News-Democrat Pub. Co.,</subfield><subfield code="c">1910-1912.</subfield></datafield><datafield ind1=" " ind2=" " tag="300"><subfield code="a">v. :</subfield><subfield code="b">ill. ;</subfield><subfield code="c">59 cm.</subfield></datafield><datafield ind1=" " ind2=" " tag="310"><subfield code="a">Daily,</subfield><subfield code="b">Jan. 1, 1911-Nov. 19, 1912</subfield></datafield><datafield ind1=" " ind2=" " tag="321"><subfield code="a">Daily (except Sunday),</subfield><subfield code="b">Aug. 18-Dec. 31, 1910</subfield></datafield><datafield ind1="0" ind2=" " tag="362"><subfield code="a">Aug. 18, 1910-Nov. 19, 1912.</subfield></datafield><datafield ind1=" " ind2=" " tag="580"><subfield code="a">Weekly ed.: Stark County Democrat (Canton, Ohio).</subfield></datafield><datafield ind1=" " ind2=" " tag="580"><subfield code="a">Daily evening ed.: News-Democrat (Canton, Ohio : Evening ed.)</subfield></datafield><datafield ind1=" " ind2=" " tag="752"><subfield code="a">United States</subfield><subfield code="b">Ohio</subfield><subfield code="c">Stark</subfield><subfield code="d">Canton.</subfield></datafield><datafield ind1="1" ind2=" " tag="775"><subfield code="t">Stark County Democrat (Canton, Ohio)</subfield><subfield code="x">2158-2793</subfield><subfield code="w">(DLC)sn 84028490</subfield><subfield code="w">(OCoLC)11128854</subfield></datafield><datafield ind1="1" ind2=" " tag="775"><subfield code="t">News-Democrat (Canton, Ohio : Evening ed.)</subfield><subfield code="w">(DLC)sn 84028489</subfield></datafield><datafield ind1="0" ind2="0" tag="780"><subfield code="t">Canton morning news</subfield><subfield code="w">(DLC)sn 84028493</subfield></datafield><datafield ind1="0" ind2="0" tag="785"><subfield code="t">Canton daily news</subfield><subfield code="w">(DLC)sn 84028495</subfield></datafield></record>